@misc{opencv,
  title = {{OpenCV} },
  howpublished = {\url{http://opencv.org/}},
  note = {Accessed: 2014-3-27}
}

@misc{pcl,
  title = {{PCL} },
  howpublished = {\url{http://pcl.org/}},
  note = {Accessed: 2014-3-27}
}

@misc{BSD,
  title = {{BSD} },
  howpublished = {\url{http://www.linfo.org/bsdlicense.html}},
  note = {Accessed: 2014-3-27}
}


@misc{ROS,
  title = {{ROS} },
  howpublished = {\url{http://www.ros.org/}},
  note = {Accessed: 2014-3-27}
}

